%======================================================================
% Contoh referensi berupa BUKU
%======================================================================
@book{refBuku,
  author    = {Leslie Lamport},
  year      = {1994},
  title     = {\LaTeX: a Document Preparation System},
  publisher = {Addison Wesley},
  address   = {Massachusetts},
  edition   = {2}
}

%======================================================================
% Contoh referensi berupa ARTIKEL dari JURNAL ILMIAH
%======================================================================
@article{refJurnal,
  title      = {Structural anisotropy results in strain-tunable electronic and optical properties in monolayer GeX and SnX (X= S, Se, Te)},
  author     = {Huang, Le and Wu, Fugen and Li, Jingbo},
  journal    = {J. Chem. Phys.},
  volume     = {144},
  number     = {11},
  pages      = {114708},
  year       = {2016},
  publisher  = {AIP Publishing LLC}
}

%======================================================================
% Contoh referensi berupa ARTIKEL dari PROCEEDINGS ILMIAH
%======================================================================
@inproceedings{refProceedings,
  title        = {Performance of the 1 kW thermoelectric generator for diesel engines},
  author       = {Bass, John C and Elsner, Norbert B and Leavitt, Frederick A},
  booktitle    = {AIP Conf. Proc.},
  volume       = {316},
  number       = {1},
  pages        = {295--298},
  year         = {1994},
  organization = {American Institute of Physics}
}

%======================================================================
% Contoh referensi berupa LAMAN INTERNET
%======================================================================
@misc{refInternet,
 author       = {F\"{o}ll, Helmu},
 title        = {2.3.3 Thermoelectric Effects},
 url          = {https://www.tf.uni-kiel.de/matwis/amat/elmat\_en/kap\_2/backbone/r2\_3\_3.html},
 year         = {2020}
}

%======================================================================
% Contoh referensi berupa DISERTASI
%======================================================================

% @phdthesis{refDisertasi,
%   year        = {},
%   school      = {},
%   title       = {},
%   author      = {},
% }

%======================================================================
% Contoh referensi berupa TESIS
%======================================================================

% @mastersthesis{refTesis,
%   year        = {},
%   school      = {},
%   title       = {},
%   author      = {},
% }